<record><leader>00000cas a22000007a 4500</leader><controlfield tag="001">26201092</controlfield><controlfield tag="008">920716d190u1932ncucr ne      0    0eng d</controlfield><datafield ind1=" " ind2=" " tag="010"><subfield code="a">sn 92073146 </subfield></datafield><datafield ind1=" " ind2=" " tag="040"><subfield code="a">NVJ</subfield><subfield code="b">eng</subfield><subfield code="c">NVJ</subfield><subfield code="d">OCLCQ</subfield></datafield><datafield ind1=" " ind2=" " tag="042"><subfield code="a">msc</subfield></datafield><datafield ind1="0" ind2="4" tag="245"><subfield code="a">The Wilkes patriot.</subfield></datafield><datafield ind1=" " ind2=" " tag="260"><subfield code="a">Wilkesboro, N.C. :</subfield><subfield code="b">Patriot Pub. Co.</subfield></datafield><datafield ind1=" " ind2=" " tag="300"><subfield code="a">v.</subfield></datafield><datafield ind1=" " ind2=" " tag="310"><subfield code="a">Semiweekly,</subfield><subfield code="b">Jan. 1, 1931-Nov. 24, 1932</subfield></datafield><datafield ind1=" " ind2=" " tag="321"><subfield code="a">Weekly,</subfield><subfield code="b">&lt;Sept. 29, 1910-Dec. 12, 1929&gt;</subfield></datafield><datafield ind1="0" ind2=" " tag="362"><subfield code="a">-v. 27, no. 16 (Nov. 24, 1932).</subfield></datafield><datafield ind1=" " ind2=" " tag="588"><subfield code="a">Description based on: Vol. 5, no. 21 (Sept. 29, 1910).</subfield></datafield><datafield ind1=" " ind2=" " tag="752"><subfield code="a">United States</subfield><subfield code="b">North Carolina</subfield><subfield code="c">Wilkes</subfield><subfield code="d">North Wilkesboro.</subfield></datafield><datafield ind1=" " ind2=" " tag="752"><subfield code="a">United States</subfield><subfield code="b">North Carolina</subfield><subfield code="c">Wilkes</subfield><subfield code="d">Wilkesboro.</subfield></datafield><datafield ind1="0" ind2="7" tag="785"><subfield code="t">Wilkes journal (North Wilkesboro, N.C. : 1924)</subfield><subfield code="w">(DLC)sn 92072931</subfield></datafield><datafield ind1="0" ind2="7" tag="785"><subfield code="t">Journal-patriot</subfield><subfield code="w">(DLC)sn 85042127</subfield></datafield></record>